@book{Godsil:1993,
  title = {Algebraic Combinatorics},
  author = {C. D. Godsil},
  shortauthor = {Godsil},
  publisher = {Chapman \& Hall},
  year = {1993},
}

@misc{giovana:blossom,
  author = {G. Delfino},
  shortauthor = {Giovana Delfino},
  title = {Emparelhamento em grafos: Algoritmos e aplicações},
  year = {2017},
}

@inproceedings{Lovasz:Random,
  author = {L. Lovász},
  shortauthor = {Lovász},
  year = {1979},
  month = {01},
  pages = {565-574},
  title = {On determinants, matchings and random algorithms},
  volume = {79},
  journal = {Fundamentals of Computation Theory},
}

@article{Rabin1989,
  title = {Maximum matchings in general graphs through randomization},
  journal = {Journal of Algorithms},
  volume = {10},
  number = {4},
  pages = {557-567},
  year = {1989},
  issn = {0196-6774},
  author = {Rabin, M. O. and Vazirani, V. V.},
}

@article{Edmonds,
  title = {Paths, Trees, and Flowers},
  volume = {17},
  journal = {Canadian Journal of Mathematics},
  author = {Edmonds, J.},
  year = {1965},
  pages = {449–467},
}

@article{Tutte,
  author = {Tutte, W. T.},
  title = {The Factorization of Linear Graphs},
  journal = {Journal of the London Mathematical Society},
  volume = {s1-22},
  number = {2},
  pages = {107-111},
  year = {1947},
}

@book{plummer1986matching,
  title = {Matching Theory},
  author = {Lov{\'a}sz, L. and Plummer, M. D.},
  isbn = {9780080872322},
  series = {Annals of Discrete Mathematics},
  year = {1986},
  publisher = {North Holland},
}

@article{Harvey:Paper,
  author = {Harvey, N. J. A.},
  title = {Algebraic Algorithms for Matching and Matroid Problems},
  journal = {SIAM Journal on Computing},
  volume = {39},
  number = {2},
  pages = {679-702},
  year = {2009},
}

@book{CLRS,
  author = "{T. H. Cormen, C. E. Leiserson, R. L. Rivest and C. Stein}",
  shortauthor = {CLRS},
  title = {Introduction to Algorithms, Third Edition},
  year = {2009},
  isbn = {0262033844},
  publisher = {The MIT Press},
  edition = {3rd},
}

@book{MotwaniRaghavan1995,
  place = {Cambridge},
  title = {Randomized Algorithms},
  publisher = {Cambridge University Press},
  author = {Motwani, R. and Raghavan, P.},
  year = {1995},
}

@article{Strassen1969,
  title = {Gaussian elimination is not optimal},
  author = {Strassen, V.},
  journal = {Numer. Math. (Heidelb.)},
  publisher = {Springer Science and Business Media LLC},
  volume = {13},
  number = {4},
  pages = {354--356},
  month = {aug},
  year = {1969},
}

@article{COPPERSMITH1990,
  title = {Matrix multiplication via arithmetic progressions},
  journal = {Journal of Symbolic Computation},
  volume = {9},
  number = {3},
  pages = {251-280},
  year = {1990},
  note = {Computational algebraic complexity editorial},
  issn = {0747-7171},
  author = {D. Coppersmith and S. Winograd},
}

@misc{2024asymmetryyieldsfastermatrix,
  title = {More Asymmetry Yields Faster Matrix Multiplication},
  author = {J. Alman and R. Duan and V. V. Williams and Y. Xu and Z. Xu and
            Renfei Zhou},
  year = {2024},
  eprint = {2404.16349},
  archivePrefix = {arXiv},
}

@article{IBARRA198245,
  title = {A generalization of the fast LUP matrix decomposition algorithm and
           applications},
  journal = {Journal of Algorithms},
  volume = {3},
  number = {1},
  pages = {45-56},
  year = {1982},
  issn = {0196-6774},
  author = {O. H. Ibarra and S. Moran and R. Hui},
}
